<?xml version="1.0" encoding="UTF-8"?><collection xmlns="http://www.loc.gov/MARC21/slim">
  <record>
    <leader>01248nam a2200337 c 4500</leader>
    <controlfield tag="001">a6980999</controlfield>
    <controlfield tag="003">SpMaBN</controlfield>
    <controlfield tag="005">20211110125341.4</controlfield>
    <controlfield tag="008">211110s2021    sp a   | |||| 000 1bspa  </controlfield>
    <datafield tag="015" ind1=" " ind2=" ">
      <subfield code="a">MON21</subfield>
    </datafield>
    <datafield tag="017" ind1=" " ind2=" ">
      <subfield code="a">M 6529-2021</subfield>
    </datafield>
    <datafield tag="020" ind1=" " ind2=" ">
      <subfield code="a">978-84-1337-564-9</subfield>
    </datafield>
    <datafield tag="040" ind1=" " ind2=" ">
      <subfield code="a">SpMaBN</subfield>
      <subfield code="b">spa</subfield>
      <subfield code="c">SpMaBN</subfield>
      <subfield code="e">rda</subfield>
    </datafield>
    <datafield tag="080" ind1=" " ind2=" ">
      <subfield code="a">087.5:929 García Lorca, Federico (0:82)</subfield>
    </datafield>
    <datafield tag="080" ind1=" " ind2=" ">
      <subfield code="a">087.5:82</subfield>
    </datafield>
    <datafield tag="100" ind1="1" ind2=" ">
      <subfield code="a">Gallud Jardiel, Enrique</subfield>
      <subfield code="d">1958-</subfield>
      <subfield code="e">autor</subfield>
      <subfield code="4">aut</subfield>
    </datafield>
    <datafield tag="245" ind1="1" ind2="0">
      <subfield code="a">Federico García Lorca</subfield>
      <subfield code="c">guión, Enrique gallud Jardiel ; ilustración, Victoria Plata</subfield>
    </datafield>
    <datafield tag="264" ind1=" " ind2="1">
      <subfield code="a">La Poveda (Arganda del Rey)-Madrid</subfield>
      <subfield code="b">Verbum,</subfield>
      <subfield code="c">[2021]</subfield>
    </datafield>
    <datafield tag="264" ind1=" " ind2="4">
      <subfield code="c">©2021</subfield>
    </datafield>
    <datafield tag="300" ind1=" " ind2=" ">
      <subfield code="a">62 páginas</subfield>
      <subfield code="b">principalmente ilustraciones (color)</subfield>
      <subfield code="c">26 cm</subfield>
    </datafield>
    <datafield tag="336" ind1=" " ind2=" ">
      <subfield code="a">Imagen fija</subfield>
      <subfield code="a">Texto</subfield>
      <subfield code="2">rdacontent</subfield>
    </datafield>
    <datafield tag="337" ind1=" " ind2=" ">
      <subfield code="a">sin mediación</subfield>
      <subfield code="2">rdamedia</subfield>
    </datafield>
    <datafield tag="338" ind1=" " ind2=" ">
      <subfield code="a">volumen</subfield>
      <subfield code="2">rdacarrier</subfield>
    </datafield>
    <datafield tag="490" ind1="0" ind2=" ">
      <subfield code="a">Famosos en cómic</subfield>
    </datafield>
    <datafield tag="490" ind1="0" ind2=" ">
      <subfield code="a">Verbum infantil juvenil</subfield>
    </datafield>
    <datafield tag="505" ind1="0" ind2=" ">
      <subfield code="a">Incluye (páginas 41-62): Bodas de sangre</subfield>
    </datafield>
    <datafield tag="600" ind1="1" ind2="7">
      <subfield code="a">García Lorca, Federico</subfield>
      <subfield code="d">1898-1936</subfield>
      <subfield code="v">Cómics</subfield>
      <subfield code="2">embne</subfield>
    </datafield>
    <datafield tag="655" ind1=" " ind2="7">
      <subfield code="a">Adaptaciones a cómics</subfield>
      <subfield code="2">tgfbne</subfield>
    </datafield>
    <datafield tag="655" ind1=" " ind2="7">
      <subfield code="a">Cómics biográficos</subfield>
      <subfield code="2">tgfbne</subfield>
    </datafield>
    <datafield tag="700" ind1="1" ind2=" ">
      <subfield code="a">Airiv Draws</subfield>
      <subfield code="d">1996-</subfield>
      <subfield code="e">dibujante</subfield>
      <subfield code="4">art</subfield>
    </datafield>
    <datafield tag="700" ind1="1" ind2=" ">
      <subfield code="i">Novelización gráfica de (obra)</subfield>
      <subfield code="a">García Lorca, Federico</subfield>
      <subfield code="d">1898-1936</subfield>
      <subfield code="t">Bodas de sangre</subfield>
    </datafield>
  </record>