
  <record>
    <leader>05544ngm a2200853 c 4500</leader>
    <controlfield tag="001">a6978651</controlfield>
    <controlfield tag="003">SpMaBN</controlfield>
    <controlfield tag="005">20211105093124.6</controlfield>
    <controlfield tag="007">vd*cvaizu</controlfield>
    <controlfield tag="008">211105s2019    sp 096 g          vlspa  </controlfield>
    <datafield tag="040" ind1=" " ind2=" ">
      <subfield code="a">SpMaBN</subfield>
      <subfield code="b">spa</subfield>
      <subfield code="c">SpMaBN</subfield>
      <subfield code="e">rda</subfield>
    </datafield>
    <datafield tag="041" ind1="0" ind2=" ">
      <subfield code="a">spa</subfield>
      <subfield code="h">spa</subfield>
    </datafield>
    <datafield tag="130" ind1="3" ind2=" ">
      <subfield code="a">La novia (Película cinematográfica)</subfield>
    </datafield>
    <datafield tag="245" ind1="1" ind2="3">
      <subfield code="a">La novia</subfield>
      <subfield code="c">una película de Paula Ortiz ; basada en Bodas de sangre de Federico García Lorca</subfield>
    </datafield>
    <datafield tag="264" ind1=" " ind2="1">
      <subfield code="a">[Lugar de publicación no identificado]</subfield>
      <subfield code="b">[editor no identificado],</subfield>
      <subfield code="c">[2019]</subfield>
    </datafield>
    <datafield tag="300" ind1=" " ind2=" ">
      <subfield code="a">1 videodisco (aproximadamente 96 min)</subfield>
      <subfield code="b">sonido, color</subfield>
      <subfield code="c">12 cm</subfield>
    </datafield>
    <datafield tag="336" ind1=" " ind2=" ">
      <subfield code="a">Imagen bidimensional en movimiento</subfield>
      <subfield code="2">rdacontent</subfield>
    </datafield>
    <datafield tag="337" ind1=" " ind2=" ">
      <subfield code="a">vídeo</subfield>
      <subfield code="2">rdamedia</subfield>
    </datafield>
    <datafield tag="338" ind1=" " ind2=" ">
      <subfield code="a">videodisco</subfield>
      <subfield code="b">vd</subfield>
      <subfield code="2">rdacarrier</subfield>
    </datafield>
    <datafield tag="340" ind1=" " ind2=" ">
      <subfield code="g">color</subfield>
    </datafield>
    <datafield tag="344" ind1=" " ind2=" ">
      <subfield code="a">digital</subfield>
      <subfield code="b">óptico</subfield>
    </datafield>
    <datafield tag="347" ind1=" " ind2=" ">
      <subfield code="a">archivo de vídeo</subfield>
      <subfield code="b">DVD-Vídeo</subfield>
    </datafield>
    <datafield tag="500" ind1=" " ind2=" ">
      <subfield code="a">Largometraje coproducido por España y Alemania en 2015</subfield>
    </datafield>
    <datafield tag="500" ind1=" " ind2=" ">
      <subfield code="a">Fecha tomada de la fecha de donación del ejemplar</subfield>
    </datafield>
    <datafield tag="500" ind1=" " ind2=" ">
      <subfield code="a">Copia de estudio de José Luis García Sánchez</subfield>
    </datafield>
    <datafield tag="500" ind1=" " ind2=" ">
      <subfield code="a">Incluye extras: tráiler, banda sonora original</subfield>
    </datafield>
    <datafield tag="505" ind1="0" ind2=" ">
      <subfield code="a">Temas musicales: Los cuatro muleros / Federico García Lorca (Inma Cuesta). Nana del caballo grande / Federico García Lorca y Carmen París. Madeja, madeja / Federico García Lorca (Manuela Vellés). Andean Dreams / Dominik John
son (Dominik Johnson). El viaje nocturno / Dominik Johnson (Dominik Johnson). Al olivo / (Jorge Usón). La tarara / Federico García Lorca (Inma Cuesta). Jaleo, jaleo / Federico García Lorca. Pequeño vals vienés / Leonard Cohen, Federico García Lorca
 (Soledad Vélez). Dice la nostra novia (Vanesa Martín). Before the dawn / autor letra, Federico García Lorca ; música, Pachi García (Pachi García)</subfield>
    </datafield>
    <datafield tag="508" ind1=" " ind2=" ">
      <subfield code="a">Una producción de Get In The Picture Productions, Cine Chromatix ; producida por Alex Lafuente, Rosana Tomás ; escrita por Paula Ortiz, Javier García Arredondo ; dirección de fotografía, Migue Amoedo ; música original, Shig
eru Umebayashi ; montaje, Javier García Arredondo ; dirección de arte, Pilar Quintana, Jesús Bosqued Maté ; sonido, Nacho Rodríguez Arenas ; diseño de vestuario, Miriam Doz, Arantxa Ezquerro ; maquillaje y peluquería, Marta Arce, Esther Guillem, P
iluca Guillem ; directora de producción, Rosana Tomás ; ayudante de dirección, Julio Montejo</subfield>
    </datafield>
    <datafield tag="511" ind1="1" ind2=" ">
      <subfield code="a">Inma Cuesta, Álex García, Asier Etxeandía, Luisa Gavasa, Carlos Álvarez-Nóvoa, Mariana Cordero, Verónika Moral, Laura Contreras, Laura Gómez-Lacueva, Carmela del Campo, Álvaro Baumann, Anchel Pablo, Leticia Dolera, Manuel
a Vellés</subfield>
    </datafield>
    <datafield tag="518" ind1=" " ind2=" ">
      <subfield code="a">Lugares de rodaje: provincias de Zaragoza y Huesca; Capadocia (Turquía)</subfield>
    </datafield>
    <datafield tag="518" ind1=" " ind2=" ">
      <subfield code="a">Largometraje estrenado el 11 de diciembre de 2015 en España</subfield>
    </datafield>
    <datafield tag="520" ind1="3" ind2=" ">
      <subfield code="a">Desde pequeños, Leonardo, el novio y la novia han formado un triángulo inseparable, pero cuando se acerca la fecha de la boda las cosas se complican porque entre ella y Leonardo siempre ha habido algo más que amistad. La creci
ente tensión entre ambos es como un hilo invisible que no se puede explicar, pero tampoco romper</subfield>
    </datafield>
    <datafield tag="521" ind1="1" ind2=" ">
      <subfield code="a">No recomendada para menores de 16 años</subfield>
    </datafield>
    <datafield tag="546" ind1=" " ind2=" ">
      <subfield code="a">Versión original en español</subfield>
    </datafield>
    <datafield tag="586" ind1=" " ind2=" ">
      <subfield code="a">Entre otros: Mejor Actriz de Reparto y Mejor Dirección de Fotografía en los Premios Goya (2016); Medallas CEC (2016); Premios Feroz (2016); Premios Unión de Actores (2016); Premis Turia (2016); Premios YoGa (2016)</subfield>
    </datafield>
    <datafield tag="655" ind1=" " ind2="7">
      <subfield code="a">Dramas cinematográficos</subfield>
      <subfield code="2">tgfbne</subfield>
    </datafield>
    <datafield tag="655" ind1=" " ind2="7">
      <subfield code="a">Adaptaciones cinematográficas</subfield>
      <subfield code="2">tgfbne</subfield>
    </datafield>
    <datafield tag="700" ind1="1" ind2=" ">
      <subfield code="a">Ortiz Álvarez, Paula</subfield>
      <subfield code="d">1979-</subfield>
      <subfield code="e">director de cine</subfield>
      <subfield code="e">guionista</subfield>
      <subfield code="4">fmd </subfield>
      <subfield code="4">aus</subfield>
    </datafield>
    <datafield tag="700" ind1="1" ind2=" ">
      <subfield code="a">Lafuente, Alex</subfield>
      <subfield code="e">productor</subfield>
      <subfield code="4">pro</subfield>
    </datafield>
    <datafield tag="700" ind1="1" ind2=" ">
      <subfield code="a">Tomás, Rosana</subfield>
      <subfield code="d">1979-</subfield>
      <subfield code="e">productor</subfield>
      <subfield code="4">pro</subfield>
    </datafield>
    <datafield tag="700" ind1="1" ind2=" ">
      <subfield code="a">García Arredondo, Javier</subfield>
      <subfield code="e">guionista</subfield>
      <subfield code="4">aus</subfield>
    </datafield>
    <datafield tag="700" ind1="1" ind2=" ">
      <subfield code="a">Amoedo, Miguel Ángel</subfield>
      <subfield code="e">director de fotografía</subfield>
      <subfield code="4">cng</subfield>
    </datafield>
    <datafield tag="700" ind1="1" ind2=" ">
      <subfield code="a">Umebayashi, Shigeru</subfield>
      <subfield code="d">1951-</subfield>
      <subfield code="e">compositor</subfield>
      <subfield code="4">cmp</subfield>
    </datafield>
    <datafield tag="700" ind1="1" ind2=" ">
      <subfield code="a">García Arredondo, Javier</subfield>
      <subfield code="e">montador</subfield>
      <subfield code="4">flm</subfield>
    </datafield>
    <datafield tag="700" ind1="1" ind2=" ">
      <subfield code="a">Quintana, Pilar</subfield>
      <subfield code="q">Quintana Fernández</subfield>
      <subfield code="e">director artístico</subfield>
      <subfield code="4">adi</subfield>
    </datafield>
    <datafield tag="700" ind1="1" ind2=" ">
      <subfield code="a">Bosqued Maté, Jesús</subfield>
      <subfield code="e">director artístico</subfield>
      <subfield code="4">adi</subfield>
    </datafield>
    <datafield tag="700" ind1="1" ind2=" ">
      <subfield code="a">Arenas, Nacho</subfield>
      <subfield code="e">diseñador de sonido</subfield>
      <subfield code="4">sds</subfield>
    </datafield>
    <datafield tag="700" ind1="1" ind2=" ">
      <subfield code="a">Guillem Doz, Miriam</subfield>
      <subfield code="e">otros</subfield>
      <subfield code="4">oth</subfield>
    </datafield>
    <datafield tag="700" ind1="1" ind2=" ">
      <subfield code="a">Ezquerro, Arantxa</subfield>
      <subfield code="e">otros</subfield>
      <subfield code="4">oth</subfield>
    </datafield>
    <datafield tag="700" ind1="1" ind2=" ">
      <subfield code="a">Arce, Marta</subfield>
      <subfield code="c">(maquilladora)</subfield>
      <subfield code="e">otros</subfield>
      <subfield code="4">oth</subfield>
    </datafield>
    <datafield tag="700" ind1="1" ind2=" ">
      <subfield code="a">Guillem, Esther</subfield>
      <subfield code="e">otros</subfield>
      <subfield code="4">oth</subfield>
    </datafield>
    <datafield tag="700" ind1="1" ind2=" ">
      <subfield code="a">Guillem, Piluca</subfield>
      <subfield code="e">otros</subfield>
      <subfield code="4">oth</subfield>
    </datafield>
    <datafield tag="700" ind1="1" ind2=" ">
      <subfield code="a">Tomás, Rosana</subfield>
      <subfield code="d">1979-</subfield>
      <subfield code="e">otros</subfield>
      <subfield code="4">oth</subfield>
    </datafield>
    <datafield tag="700" ind1="1" ind2=" ">
      <subfield code="a">Montejo, Julio</subfield>
      <subfield code="d">1980-</subfield>
      <subfield code="e">otros</subfield>
      <subfield code="4">oth</subfield>
    </datafield>
    <datafield tag="700" ind1="1" ind2=" ">
      <subfield code="a">Cuesta, Inma</subfield>
      <subfield code="d">1980-</subfield>
      <subfield code="e">actor</subfield>
      <subfield code="4">act</subfield>
    </datafield>
    <datafield tag="700" ind1="1" ind2=" ">
      <subfield code="a">García, Álex</subfield>
      <subfield code="d">1981-</subfield>
      <subfield code="e">actor</subfield>
      <subfield code="4">act</subfield>
    </datafield>
    <datafield tag="700" ind1="1" ind2=" ">
      <subfield code="a">Etxeandia, Asier</subfield>
      <subfield code="d">1975-</subfield>
      <subfield code="e">actor</subfield>
      <subfield code="4">act</subfield>
    </datafield>
    <datafield tag="700" ind1="1" ind2=" ">
      <subfield code="a">Gavasa, Luisa</subfield>
      <subfield code="d">1951-</subfield>
      <subfield code="e">actor</subfield>
      <subfield code="4">act</subfield>
    </datafield>
    <datafield tag="700" ind1="1" ind2=" ">
      <subfield code="a">Álvarez-Nóvoa, Carlos</subfield>
      <subfield code="d">1940-2015</subfield>
      <subfield code="e">actor</subfield>
      <subfield code="4">act</subfield>
    </datafield>
    <datafield tag="700" ind1="1" ind2=" ">
      <subfield code="a">Cordero, Mariana</subfield>
      <subfield code="d">1964-</subfield>
      <subfield code="e">actor</subfield>
      <subfield code="4">act</subfield>
    </datafield>
    <datafield tag="700" ind1="1" ind2=" ">
      <subfield code="a">Moral, Verónica</subfield>
      <subfield code="d">1978-</subfield>
      <subfield code="e">actor</subfield>
      <subfield code="4">act</subfield>
    </datafield>
    <datafield tag="700" ind1="1" ind2=" ">
      <subfield code="a">Contreras, Laura</subfield>
      <subfield code="d">1987-</subfield>
      <subfield code="e">actor</subfield>
      <subfield code="4">act</subfield>
    </datafield>
    <datafield tag="700" ind1="1" ind2=" ">
      <subfield code="a">Gómez, Laura</subfield>
      <subfield code="d">1975-</subfield>
      <subfield code="e">actor</subfield>
      <subfield code="4">act</subfield>
    </datafield>
    <datafield tag="700" ind1="1" ind2=" ">
      <subfield code="a">Campo, Carmela del</subfield>
      <subfield code="e">actor</subfield>
      <subfield code="4">act</subfield>
    </datafield>
    <datafield tag="700" ind1="1" ind2=" ">
      <subfield code="a">Baumann, Álvaro</subfield>
      <subfield code="e">actor</subfield>
      <subfield code="4">act</subfield>
    </datafield>
    <datafield tag="700" ind1="1" ind2=" ">
      <subfield code="a">Pablo, Anchel</subfield>
      <subfield code="e">actor</subfield>
      <subfield code="4">act</subfield>
    </datafield>
    <datafield tag="700" ind1="1" ind2=" ">
      <subfield code="a">Dolera, Leticia</subfield>
      <subfield code="d">1981-</subfield>
      <subfield code="e">actor</subfield>
      <subfield code="4">act</subfield>
    </datafield>
    <datafield tag="700" ind1="1" ind2=" ">
      <subfield code="a">Vellés, Manuela</subfield>
      <subfield code="d">1987-</subfield>
      <subfield code="e">actor</subfield>
      <subfield code="4">act</subfield>
    </datafield>
    <datafield tag="700" ind1="1" ind2=" ">
      <subfield code="i">Basada en (obra):</subfield>
      <subfield code="a">García Lorca, Federico</subfield>
      <subfield code="d">1898-1936</subfield>
      <subfield code="t">Bodas de sangre</subfield>
    </datafield>
    <datafield tag="711" ind1="2" ind2=" ">
      <subfield code="a">Medallas CEC</subfield>
      <subfield code="n">72º</subfield>
      <subfield code="d">2016</subfield>
      <subfield code="c">Madrid</subfield>
    </datafield>
    <datafield tag="711" ind1="2" ind2=" ">
      <subfield code="a">Premios Feroz</subfield>
      <subfield code="n">3º</subfield>
      <subfield code="d">2016</subfield>
      <subfield code="c">Madrid</subfield>
    </datafield>
    <datafield tag="711" ind1="2" ind2=" ">
      <subfield code="a">Premios Unión de Actores</subfield>
      <subfield code="n">26º</subfield>
      <subfield code="d">2016</subfield>
      <subfield code="c">Madrid</subfield>
    </datafield>
    <datafield tag="711" ind1="2" ind2=" ">
      <subfield code="a">Premis Turia</subfield>
      <subfield code="n">25º</subfield>
      <subfield code="d">2016</subfield>
      <subfield code="c">Valencia</subfield>
    </datafield>
    <datafield tag="711" ind1="2" ind2=" ">
      <subfield code="a">Premios YoGa</subfield>
      <subfield code="n">27º</subfield>
      <subfield code="d">2016</subfield>
      <subfield code="c">Barcelona</subfield>
    </datafield>
  </record>