
  <record>
    <leader>00465nam a2200169 c 4500</leader>
    <controlfield tag="001">a6978306</controlfield>
    <controlfield tag="003">SpMaBN</controlfield>
    <controlfield tag="005">20211104130410.5</controlfield>
    <controlfield tag="008">211104s2021    sp     | |||| 000 0 spa  </controlfield>
    <datafield tag="015" ind1=" " ind2=" ">
      <subfield code="a">MON21</subfield>
    </datafield>
    <datafield tag="020" ind1=" " ind2=" ">
      <subfield code="a">978-84-122118-3-2</subfield>
    </datafield>
    <datafield tag="040" ind1=" " ind2=" ">
      <subfield code="a">SpMaBN</subfield>
      <subfield code="b">spa</subfield>
      <subfield code="c">SpMaBN</subfield>
      <subfield code="e">rda</subfield>
    </datafield>
    <datafield tag="245" ind1="0" ind2=" ">
      <subfield code="a">Guía de mediadores profesionales de España 2021-2022</subfield>
    </datafield>
    <datafield tag="264" ind1=" " ind2="1">
      <subfield code="b">Ediciones Lorca</subfield>
      <subfield code="c">2021</subfield>
    </datafield>
    <datafield tag="336" ind1=" " ind2=" ">
      <subfield code="a">Texto</subfield>
      <subfield code="2">rdacontent</subfield>
    </datafield>
    <datafield tag="337" ind1=" " ind2=" ">
      <subfield code="a">sin mediación</subfield>
      <subfield code="2">rdamedia</subfield>
    </datafield>
    <datafield tag="338" ind1=" " ind2=" ">
      <subfield code="a">volumen</subfield>
      <subfield code="2">rdacarrier</subfield>
    </datafield>
  </record>