
  <record>
    <leader>00487nam a2200181 c 4500</leader>
    <controlfield tag="001">a6977006</controlfield>
    <controlfield tag="003">SpMaBN</controlfield>
    <controlfield tag="005">20211103110335.4</controlfield>
    <controlfield tag="008">211103s2020    sp     | |||| 000 0 spa  </controlfield>
    <datafield tag="015" ind1=" " ind2=" ">
      <subfield code="a">MON21</subfield>
    </datafield>
    <datafield tag="020" ind1=" " ind2=" ">
      <subfield code="a">978-84-122397-5-1</subfield>
    </datafield>
    <datafield tag="040" ind1=" " ind2=" ">
      <subfield code="a">SpMaBN</subfield>
      <subfield code="b">spa</subfield>
      <subfield code="c">SpMaBN</subfield>
      <subfield code="e">rda</subfield>
    </datafield>
    <datafield tag="100" ind1="1" ind2=" ">
      <subfield code="a">Jiménez Lorca, Antonio</subfield>
      <subfield code="e">autor</subfield>
      <subfield code="4">aut</subfield>
    </datafield>
    <datafield tag="245" ind1="1" ind2=" ">
      <subfield code="a">Tal vez-- algún día</subfield>
    </datafield>
    <datafield tag="264" ind1=" " ind2="1">
      <subfield code="b">Ediciones Atlantis</subfield>
      <subfield code="c">2020</subfield>
    </datafield>
    <datafield tag="336" ind1=" " ind2=" ">
      <subfield code="a">Texto</subfield>
      <subfield code="2">rdacontent</subfield>
    </datafield>
    <datafield tag="337" ind1=" " ind2=" ">
      <subfield code="a">sin mediación</subfield>
      <subfield code="2">rdamedia</subfield>
    </datafield>
    <datafield tag="338" ind1=" " ind2=" ">
      <subfield code="a">volumen</subfield>
      <subfield code="2">rdacarrier</subfield>
    </datafield>
  </record>