
  <record>
    <leader>04051cgm a2200721 i 4500</leader>
    <controlfield tag="001">a6976050</controlfield>
    <controlfield tag="003">SpMaBN</controlfield>
    <controlfield tag="005">20211102124936.3</controlfield>
    <controlfield tag="007">vd*cvaizs</controlfield>
    <controlfield tag="008">211102s2019    sp 090              spa  </controlfield>
    <datafield tag="040" ind1=" " ind2=" ">
      <subfield code="a">SpMaBN</subfield>
      <subfield code="b">spa</subfield>
      <subfield code="c">SpMaBN</subfield>
      <subfield code="e">rdc</subfield>
    </datafield>
    <datafield tag="130" ind1="0" ind2=" ">
      <subfield code="a">Sin un adiós (Película cinematográfica)</subfield>
    </datafield>
    <datafield tag="245" ind1="1" ind2="0">
      <subfield code="a">Sin un adiós</subfield>
      <subfield code="c">argumento, guión y dirección, Vicente Escrivá ; producción, José María Ramos ; director de fotografía, Raúl Pérez Cubero ; música original, Waldo de los Ríos</subfield>
    </datafield>
    <datafield tag="264" ind1=" " ind2="1">
      <subfield code="a">[Lugar no identificado]</subfield>
      <subfield code="b">[editor no identificado]</subfield>
      <subfield code="c">2019</subfield>
    </datafield>
    <datafield tag="300" ind1=" " ind2=" ">
      <subfield code="a">1 videodisco (aproximadamente 90 min)</subfield>
      <subfield code="b">sonido, color</subfield>
      <subfield code="c">12 cm</subfield>
    </datafield>
    <datafield tag="336" ind1=" " ind2=" ">
      <subfield code="a">Imagen (en movimiento ; bidimensional)</subfield>
      <subfield code="2">rdacontent</subfield>
    </datafield>
    <datafield tag="337" ind1=" " ind2=" ">
      <subfield code="a">vídeo</subfield>
      <subfield code="2">rdamedia</subfield>
    </datafield>
    <datafield tag="338" ind1=" " ind2=" ">
      <subfield code="a">videodisco</subfield>
      <subfield code="b">vd</subfield>
      <subfield code="2">rdacarrier</subfield>
    </datafield>
    <datafield tag="344" ind1=" " ind2=" ">
      <subfield code="a">digital</subfield>
    </datafield>
    <datafield tag="347" ind1=" " ind2=" ">
      <subfield code="a">Archivo de vídeo</subfield>
    </datafield>
    <datafield tag="500" ind1=" " ind2=" ">
      <subfield code="a">Copia personal de estudio de José Luis García Sánchez</subfield>
    </datafield>
    <datafield tag="500" ind1=" " ind2=" ">
      <subfield code="a">En el mismo disco: Noches del universo. Bso de "El padre coplillas"</subfield>
    </datafield>
    <datafield tag="500" ind1=" " ind2=" ">
      <subfield code="a">Realizada en 1970 en España</subfield>
    </datafield>
    <datafield tag="500" ind1=" " ind2=" ">
      <subfield code="a">Rodada en Mallorca y Londres</subfield>
    </datafield>
    <datafield tag="500" ind1=" " ind2=" ">
      <subfield code="a">Estreno el 17-09-1970</subfield>
    </datafield>
    <datafield tag="500" ind1=" " ind2=" ">
      <subfield code="a">Canciones: Sin un adios ; Tu prometes, prometes = Hideaway ; Mandadme rosas ; La Rosa de los Vientos ; This is my life = La vita / Waldo de los Ríos</subfield>
    </datafield>
    <datafield tag="508" ind1=" " ind2=" ">
      <subfield code="a">Montaje, Pedro del Rey ; diseño de producción, Ramiro Gómez ; maquillaje, Carmen Martín, Antonio Gentíl ; ayudante de dirección Francisco Ariza ; cámaras, Julio Sánchez Caballero y Julio Martín Leyva ; vestuario, Rosa Ga
rcía, Juana Ramírez ; coreografía, Alberto Lorca</subfield>
    </datafield>
    <datafield tag="511" ind1="1" ind2=" ">
      <subfield code="a">Raphael, Lesley Anne Down, Antonio Pica, Elena María Tejeiro, Mabel Karr, Perla Cristal, Cándida Losada, Nélida Quiroga, María Rivas, Yelena Samarina, Maite Tojar, José Bastida, Andrés Resino, Paloma Juanes, María Luisa To
var</subfield>
    </datafield>
    <datafield tag="520" ind1="3" ind2=" ">
      <subfield code="a">Mario, un cantante famoso en plena gloria, se convierte en anunciante de una marca de cigarrillos. Una de las cajetillas contiene una coronita de oro y quien la encuentre podrá disfrutar de una estancia de tres días en Mallorca
 en compañía de Mario. Marta, una muchacha inglesa, se alza con el premio y es envidiada por todas las seguidoras del cantante. Comienza un largo sueño hecho realidad</subfield>
    </datafield>
    <datafield tag="521" ind1=" " ind2=" ">
      <subfield code="a">Autorizada para todos los públicos</subfield>
    </datafield>
    <datafield tag="655" ind1=" " ind2="7">
      <subfield code="a">Comedias cinematográficas</subfield>
      <subfield code="2">tgfbne</subfield>
    </datafield>
    <datafield tag="655" ind1=" " ind2="7">
      <subfield code="a">Cine musical</subfield>
      <subfield code="2">tgfbne</subfield>
    </datafield>
    <datafield tag="700" ind1="1" ind2=" ">
      <subfield code="a">Escrivá, Vicente</subfield>
      <subfield code="d">1913-1999</subfield>
      <subfield code="e">director de cine</subfield>
      <subfield code="e">guionista</subfield>
      <subfield code="4">fmd </subfield>
      <subfield code="4">aus</subfield>
    </datafield>
    <datafield tag="700" ind1="1" ind2=" ">
      <subfield code="a">Ramos, José María</subfield>
      <subfield code="c">(productor)</subfield>
      <subfield code="e">productor</subfield>
      <subfield code="4">pro</subfield>
    </datafield>
    <datafield tag="700" ind1="1" ind2=" ">
      <subfield code="a">Pérez Cubero, Raúl</subfield>
      <subfield code="d">1934-</subfield>
      <subfield code="e">director de fotografía</subfield>
      <subfield code="4">cng</subfield>
    </datafield>
    <datafield tag="700" ind1="1" ind2=" ">
      <subfield code="a">Ríos, Waldo de los</subfield>
      <subfield code="d">1934-1977</subfield>
      <subfield code="e">compositor</subfield>
      <subfield code="4">cmp</subfield>
    </datafield>
    <datafield tag="700" ind1="1" ind2=" ">
      <subfield code="a">Rey, Pedro del</subfield>
      <subfield code="d">1931-</subfield>
      <subfield code="e">montador</subfield>
      <subfield code="4">flm</subfield>
    </datafield>
    <datafield tag="700" ind1="1" ind2=" ">
      <subfield code="a">Gómez, Ramiro</subfield>
      <subfield code="d">1916-2003</subfield>
      <subfield code="e">otros</subfield>
      <subfield code="4">oth</subfield>
    </datafield>
    <datafield tag="700" ind1="1" ind2=" ">
      <subfield code="a">Martín, Carmen</subfield>
      <subfield code="c">(maquilladora)</subfield>
      <subfield code="e">otros</subfield>
      <subfield code="4">oth</subfield>
    </datafield>
    <datafield tag="700" ind1="1" ind2=" ">
      <subfield code="a">Gentíl, Antonio</subfield>
      <subfield code="e">otros</subfield>
      <subfield code="4">oth</subfield>
    </datafield>
    <datafield tag="700" ind1="1" ind2=" ">
      <subfield code="a">Ariza, Francisco</subfield>
      <subfield code="d">1923-1991</subfield>
      <subfield code="e">otros</subfield>
      <subfield code="4">oth</subfield>
    </datafield>
    <datafield tag="700" ind1="1" ind2=" ">
      <subfield code="a">Sánchez Caballero, Julio</subfield>
      <subfield code="d">fl. 1960</subfield>
      <subfield code="e">otros</subfield>
      <subfield code="4">oth</subfield>
    </datafield>
    <datafield tag="700" ind1="1" ind2=" ">
      <subfield code="a">Leyva, Julio</subfield>
      <subfield code="d">fl. 1957</subfield>
      <subfield code="e">otros</subfield>
      <subfield code="4">oth</subfield>
    </datafield>
    <datafield tag="700" ind1="1" ind2=" ">
      <subfield code="a">García, Rosa</subfield>
      <subfield code="d">fl. 1969</subfield>
      <subfield code="e">otros</subfield>
      <subfield code="4">oth</subfield>
    </datafield>
    <datafield tag="700" ind1="1" ind2=" ">
      <subfield code="a">Ramírez, Juana</subfield>
      <subfield code="d">fl. 1969</subfield>
      <subfield code="e">otros</subfield>
      <subfield code="4">oth</subfield>
    </datafield>
    <datafield tag="700" ind1="1" ind2=" ">
      <subfield code="a">Lorca, Alberto</subfield>
      <subfield code="d">1917-2008</subfield>
      <subfield code="e">otros</subfield>
      <subfield code="4">oth</subfield>
    </datafield>
    <datafield tag="700" ind1="0" ind2=" ">
      <subfield code="a">Raphael</subfield>
      <subfield code="d">1943-</subfield>
      <subfield code="e">actor</subfield>
      <subfield code="4">act</subfield>
    </datafield>
    <datafield tag="700" ind1="1" ind2=" ">
      <subfield code="a">Down, Lesley-Anne</subfield>
      <subfield code="d">1954-</subfield>
      <subfield code="e">actor</subfield>
      <subfield code="4">act</subfield>
    </datafield>
    <datafield tag="700" ind1="1" ind2=" ">
      <subfield code="a">Pica, Antonio</subfield>
      <subfield code="d">1933-2014</subfield>
      <subfield code="e">actor</subfield>
      <subfield code="4">act</subfield>
    </datafield>
    <datafield tag="700" ind1="1" ind2=" ">
      <subfield code="a">Tejeiro, Elena María</subfield>
      <subfield code="d">1939-</subfield>
      <subfield code="e">actor</subfield>
      <subfield code="4">act</subfield>
    </datafield>
    <datafield tag="700" ind1="1" ind2=" ">
      <subfield code="a">Karr, Mabel</subfield>
      <subfield code="d">1934-2001</subfield>
      <subfield code="e">actor</subfield>
      <subfield code="4">act</subfield>
    </datafield>
    <datafield tag="700" ind1="1" ind2=" ">
      <subfield code="a">Cristal, Perla</subfield>
      <subfield code="d">1937-</subfield>
      <subfield code="e">actor</subfield>
      <subfield code="4">act</subfield>
    </datafield>
    <datafield tag="700" ind1="1" ind2=" ">
      <subfield code="a">Losada, Cándida</subfield>
      <subfield code="d">1915-1992</subfield>
      <subfield code="e">actor</subfield>
      <subfield code="4">act</subfield>
    </datafield>
    <datafield tag="700" ind1="1" ind2=" ">
      <subfield code="a">Quiroga, Nélida</subfield>
      <subfield code="d">1909-1982</subfield>
      <subfield code="e">actor</subfield>
      <subfield code="4">act</subfield>
    </datafield>
    <datafield tag="700" ind1="1" ind2=" ">
      <subfield code="a">Rivas, María</subfield>
      <subfield code="d">1931-2013</subfield>
      <subfield code="e">actor</subfield>
      <subfield code="4">act</subfield>
    </datafield>
    <datafield tag="700" ind1="1" ind2=" ">
      <subfield code="a">Samarina, Yelena</subfield>
      <subfield code="d">1933-2011</subfield>
      <subfield code="e">actor</subfield>
      <subfield code="4">act</subfield>
    </datafield>
    <datafield tag="700" ind1="1" ind2=" ">
      <subfield code="a">Tojar, Maite</subfield>
      <subfield code="e">actor</subfield>
      <subfield code="4">act</subfield>
    </datafield>
    <datafield tag="700" ind1="1" ind2=" ">
      <subfield code="a">Bastida, José</subfield>
      <subfield code="d">1936-2012</subfield>
      <subfield code="e">actor</subfield>
      <subfield code="4">act</subfield>
    </datafield>
    <datafield tag="700" ind1="1" ind2=" ">
      <subfield code="a">Resino, Andrés</subfield>
      <subfield code="d">1940-2011</subfield>
      <subfield code="e">actor</subfield>
      <subfield code="4">act</subfield>
    </datafield>
    <datafield tag="700" ind1="1" ind2=" ">
      <subfield code="a">Juanes, Paloma</subfield>
      <subfield code="e">actor</subfield>
      <subfield code="4">act</subfield>
    </datafield>
    <datafield tag="700" ind1="1" ind2=" ">
      <subfield code="a">Tovar, María Luisa</subfield>
      <subfield code="e">actor</subfield>
      <subfield code="4">act</subfield>
    </datafield>
    <datafield tag="740" ind1="0" ind2="2">
      <subfield code="a">Noches del universo</subfield>
    </datafield>
    <datafield tag="740" ind1="0" ind2="2">
      <subfield code="a">Bso de "El padre coplillas"</subfield>
    </datafield>
  </record>