
  <record>
    <leader>02161ncm a2200493I  4500</leader>
    <controlfield tag="001">a6901132</controlfield>
    <controlfield tag="003">SpMaBN</controlfield>
    <controlfield tag="005">20211029005611.6</controlfield>
    <controlfield tag="007">qu</controlfield>
    <controlfield tag="008">210702s2021    sp sga         n    spa  </controlfield>
    <datafield tag="015" ind1=" " ind2=" ">
      <subfield code="a">PAR21</subfield>
    </datafield>
    <datafield tag="017" ind1=" " ind2=" ">
      <subfield code="a">C 451-2021</subfield>
      <subfield code="b">Oficina Depósito Legal A Coruña</subfield>
    </datafield>
    <datafield tag="024" ind1="2" ind2=" ">
      <subfield code="a">979-0-805425-27-6</subfield>
    </datafield>
    <datafield tag="040" ind1=" " ind2=" ">
      <subfield code="a">SpMaBN</subfield>
      <subfield code="b">spa</subfield>
      <subfield code="c">SpMaBN</subfield>
      <subfield code="e">rda</subfield>
    </datafield>
    <datafield tag="100" ind1="1" ind2=" ">
      <subfield code="a">Aguado, Saúl</subfield>
      <subfield code="e">compositor</subfield>
    </datafield>
    <datafield tag="240" ind1="1" ind2="3">
      <subfield code="a">El canto del poeta (voz soprano, piano).</subfield>
      <subfield code="n">V. 1</subfield>
    </datafield>
    <datafield tag="245" ind1="1" ind2="3">
      <subfield code="a">El canto del poeta :</subfield>
      <subfield code="b">canciones líricas para soprano y piano = lyric songs for soprano and piano.</subfield>
      <subfield code="n">Vol. I</subfield>
      <subfield code="c">Saúl Aguado</subfield>
    </datafield>
    <datafield tag="264" ind1=" " ind2="1">
      <subfield code="a">A Coruña</subfield>
      <subfield code="b">Grupo Beroly,</subfield>
      <subfield code="c">[2021]</subfield>
    </datafield>
    <datafield tag="264" ind1=" " ind2="4">
      <subfield code="c">©2020</subfield>
    </datafield>
    <datafield tag="300" ind1=" " ind2=" ">
      <subfield code="a">1 partitura (29 páginas)</subfield>
      <subfield code="c">30 cm</subfield>
    </datafield>
    <datafield tag="336" ind1=" " ind2=" ">
      <subfield code="a">Música notada</subfield>
      <subfield code="2">rdacontent</subfield>
    </datafield>
    <datafield tag="337" ind1=" " ind2=" ">
      <subfield code="a">sin mediación</subfield>
      <subfield code="2">rdamedia</subfield>
    </datafield>
    <datafield tag="338" ind1=" " ind2=" ">
      <subfield code="a">hoja</subfield>
    </datafield>
    <datafield tag="348" ind1=" " ind2=" ">
      <subfield code="a">partitura</subfield>
    </datafield>
    <datafield tag="382" ind1="0" ind2="1">
      <subfield code="a">voz soprano</subfield>
      <subfield code="n">1</subfield>
      <subfield code="a">piano</subfield>
      <subfield code="n">1</subfield>
      <subfield code="s">2</subfield>
      <subfield code="2">tmibne</subfield>
    </datafield>
    <datafield tag="500" ind1=" " ind2=" ">
      <subfield code="a">Incluye, además, la letra separada de la notación musical en español e inglés</subfield>
    </datafield>
    <datafield tag="500" ind1=" " ind2=" ">
      <subfield code="a">Incluye una Nota del autor en español e inglés</subfield>
    </datafield>
    <datafield tag="505" ind1=" " ind2=" ">
      <subfield code="a">Canción de luna / Saúl Aguado de Aza ; letra, Sonia Martínez -- Mi poesía nunca engaña / Saúl Aguado de Aza ; letra, Remigio G. Adares -- Sueño infantil / Saúl Aguado de Aza ; letra, Antonio Machado -- El canto quiere ser
 luz / Saúl Aguado de Aza ; letra, Federico García Lorca</subfield>
    </datafield>
    <datafield tag="546" ind1=" " ind2=" ">
      <subfield code="b">Notación en pentagrama</subfield>
    </datafield>
    <datafield tag="600" ind1="1" ind2=" ">
      <subfield code="a">Martínez, Sonia</subfield>
      <subfield code="d">1978-</subfield>
      <subfield code="t">Canción de luna</subfield>
      <subfield code="2">embne</subfield>
    </datafield>
    <datafield tag="600" ind1="1" ind2=" ">
      <subfield code="a">Machado, Antonio</subfield>
      <subfield code="d">1875-1939</subfield>
      <subfield code="t">Sueño infantil</subfield>
      <subfield code="2">embne</subfield>
    </datafield>
    <datafield tag="600" ind1="1" ind2=" ">
      <subfield code="a">González, Remigio</subfield>
      <subfield code="d">1923-2001</subfield>
      <subfield code="t">Mi poesía nunca engaña</subfield>
      <subfield code="2">embne</subfield>
    </datafield>
    <datafield tag="600" ind1="1" ind2=" ">
      <subfield code="a">García Lorca, Federico</subfield>
      <subfield code="d">1898-1936</subfield>
      <subfield code="t">El canto quiere ser luz</subfield>
      <subfield code="2">embne</subfield>
    </datafield>
    <datafield tag="655" ind1=" " ind2="7">
      <subfield code="a">Canciones</subfield>
      <subfield code="2">tgfbne</subfield>
    </datafield>
    <datafield tag="655" ind1=" " ind2="7">
      <subfield code="a">Adaptaciones musicales</subfield>
      <subfield code="2">tgfbne</subfield>
    </datafield>
    <datafield tag="655" ind1=" " ind2="7">
      <subfield code="a">Partituras</subfield>
      <subfield code="2">tgfbne</subfield>
    </datafield>
    <datafield tag="700" ind1="1" ind2=" ">
      <subfield code="a">Martínez, Sonia</subfield>
      <subfield code="d">1978-</subfield>
      <subfield code="e">autor</subfield>
      <subfield code="4">aut</subfield>
    </datafield>
    <datafield tag="700" ind1="1" ind2=" ">
      <subfield code="a">Machado, Antonio</subfield>
      <subfield code="d">1875-1939</subfield>
      <subfield code="e">autor</subfield>
      <subfield code="4">aut</subfield>
    </datafield>
    <datafield tag="700" ind1="1" ind2=" ">
      <subfield code="a">González, Remigio</subfield>
      <subfield code="d">1923-2001</subfield>
      <subfield code="e">autor</subfield>
      <subfield code="4">aut</subfield>
    </datafield>
    <datafield tag="700" ind1="1" ind2=" ">
      <subfield code="a">García Lorca, Federico</subfield>
      <subfield code="d">1898-1936</subfield>
      <subfield code="e">autor</subfield>
      <subfield code="4">aut</subfield>
    </datafield>
    <datafield tag="740" ind1="0" ind2="2">
      <subfield code="a">Canción de luna</subfield>
    </datafield>
    <datafield tag="740" ind1="0" ind2="2">
      <subfield code="a">Mi poesía nunca engaña</subfield>
    </datafield>
    <datafield tag="740" ind1="0" ind2="2">
      <subfield code="a">Sueño infantil</subfield>
    </datafield>
    <datafield tag="740" ind1="0" ind2="2">
      <subfield code="a">El canto quiere ser luz</subfield>
    </datafield>
  </record>
</collection>
